@article{lele1992compact,
  title={Compact finite difference schemes with spectral-like resolution},
  author={Lele, Sanjiva K},
  journal={Journal of computational physics},
  volume={103},
  number={1},
  pages={16--42},
  year={1992},
  publisher={Elsevier}
}

@article{mattor1995algorithm,
  title={Algorithm for solving tridiagonal matrix problems in parallel},
  author={Mattor, Nathan and Williams, Timothy J and Hewett, Dennis W},
  journal={Parallel Computing},
  volume={21},
  number={11},
  pages={1769--1782},
  year={1995},
  publisher={Elsevier}
}

@article{Zhang2010FTS,
 author = {Zhang, Yao and Cohen, Jonathan and Owens, John D.},
 title = {Fast Tridiagonal Solvers on the GPU},
 journal = {SIGPLAN Not.},
 issue_date = {May 2010},
 volume = {45},
 number = {5},
 month = jan,
 year = {2010},
 issn = {0362-1340},
 pages = {127--136},
 numpages = {10},
 url = {http://doi.acm.org/10.1145/1837853.1693472},
 doi = {10.1145/1837853.1693472},
 acmid = {1693472},
 publisher = {ACM},
 address = {New York, NY, USA},
 keywords = {gpgpu, performance optimization, tridiagonal linear system},
}
