@article{fornberg1988generation,
  title={Generation of finite difference formulas on arbitrarily spaced grids},
  author={Fornberg, Bengt},
  journal={Mathematics of computation},
  volume={51},
  number={184},
  pages={699--706},
  year={1988}
}

@article{lele1992compact,
  title={Compact finite difference schemes with spectral-like resolution},
  author={Lele, Sanjiva K},
  journal={Journal of {C}omputational {P}hysics},
  volume={103},
  number={1},
  pages={16--42},
  year={1992},
  publisher={Elsevier}
}

@article{mattor1995algorithm,
  title={Algorithm for solving tridiagonal matrix problems in parallel},
  author={Mattor, Nathan and Williams, Timothy J and Hewett, Dennis W},
  journal={Parallel Computing},
  volume={21},
  number={11},
  pages={1769--1782},
  year={1995},
  publisher={Elsevier}
}

@article{Zhang2010FTS,
 author = {Zhang, Yao and Cohen, Jonathan and Owens, John D.},
 title = {Fast Tridiagonal Solvers on the {GPU}},
}

@article{tutkun2012gpu,
  title={A {GPU} application for high-order compact finite difference scheme},
  author={Tutkun, Bulent and Edis, Firat Oguz},
  journal={Computers \& Fluids},
  volume={55},
  pages={29--35},
  year={2012},
  publisher={Elsevier}
}

@article{esfahanian2014efficient,
  title={An efficient {GPU} implementation of cyclic reduction solver for high-order compressible viscous flow simulations},
  author={Esfahanian, Vahid and Baghapour, Behzad and Torabzadeh, Mohammad and Chizari, Hossain},
  journal={Computers \& Fluids},
  volume={92},
  pages={160--171},
  year={2014},
  publisher={Elsevier}
}

@article{1955ADI,
jstor_articletype = {research-article},
title = {The Numerical Solution of Parabolic and Elliptic Differential Equations},
author = {Peaceman, D. W. and Rachford, H. H., Jr.},
journal = {Journal of the Society for Industrial and Applied Mathematics},
jstor_issuetitle = {},
volume = {3},
number = {1},
jstor_formatteddate = {Mar., 1955},
pages = {pp. 28-41},
url = {http://www.jstor.org/stable/2098834},
ISSN = {03684245},
abstract = {},
language = {English},
year = {1955},
publisher = {Society for Industrial and Applied Mathematics},
copyright = {Copyright © 1955 Society for Industrial and Applied Mathematics},
}

@ARTICLE{GoSt11CR,
  author = {Dominik G{\"o}ddeke and Robert Strzodka},
  title = {Cyclic Reduction Tridiagonal Solvers on {GPUs} Applied to Mixed Precision Multigrid},
  journal = {IEEE Transactions on Parallel and Distributed Systems (TPDS), Special Issue: High Performance Computing with Accelerators},
  year = {2011},
  month= jan,
  volume = {22},
  number = {1},
  pages = {22--32},
  doi={10.1109/TPDS.2010.61},
  publisher = {IEEE Computer Society},
}

@ARTICLE{GPUcomputingera,
    author={Nickolls, J. and Dally, W.J.},
    journal={Micro, IEEE},
    title={The {GPU} Computing Era},
    year={2010},
    volume={30},
    number={2},
    pages={56-69},
    doi={10.1109/MM.2010.41},
    ISSN={0272-1732},
    month={March},}

@article{Keplerwhitepaper,
    author={NVIDIA},
    year={2011},
    title={{NVIDIA}’s Next Generation {CUDA} Compute Architecture: 
        {K}epler {GK}110},
    }

@article{kloeckner_pycuda_2012,
   author = {{Kl{\"o}ckner}, Andreas
        and {Pinto}, Nicolas
        and {Lee}, Yunsup
        and {Catanzaro}, B.
        and {Ivanov}, Paul
        and {Fasih}, Ahmed },
   title = "{PyCUDA and PyOpenCL: A Scripting-Based Approach to {GPU} Run-Time Code Generation}",
   journal = "Parallel Computing",
   volume = "38",
   number = "3",
   pages = "157--174",
   year = "2012",
   issn = "0167-8191",
   doi = "10.1016/j.parco.2011.09.001",
}

@article{dalcin2005mpi,
  title={{MPI} for {P}ython},
  author={Dalc{\'\i}n, Lisandro and Paz, Rodrigo and Storti, Mario},
  journal={Journal of Parallel and Distributed Computing},
  volume={65},
  number={9},
  pages={1108--1115},
  year={2005},
  publisher={Elsevier}
}

@article{kennedy1994several,
  title={Several new numerical methods for compressible shear-layer simulations},
  author={Kennedy, Christopher A and Carpenter, Mark H},
  journal={Applied Numerical Mathematics},
  volume={14},
  number={4},
  pages={397--433},
  year={1994},
  publisher={Elsevier}
}

@article{wei2013parallelizing,
  title={Parallelizing alternating direction implicit solver on {GPU}s},
  author={Wei, Zhangping and Jang, Byunghyun and Zhang, Yaoxin and Jia, Yafei},
  journal={Procedia Computer Science},
  volume={18},
  pages={389--398},
  year={2013},
  publisher={Elsevier}
}

@INPROCEEDINGS{davidson2011register,
    author = {Andrew Davidson and John D. Owens},
    title = {Register Packing for Cyclic Reduction: A Case Study},
    booktitle = {in Workshop on General Purpose Processing on Graphics Processing Units},
    year = {2011},
    pages = {1--6}
}

@incollection{bini,
    year={1995},
    isbn={978-1-4613-5943-2},
    booktitle={Computations with Markov Chains},
    editor={Stewart, WilliamJ.},
    doi={10.1007/978-1-4615-2241-6_2},
    title={On Cyclic Reduction Applied to a Class of {T}oeplitz-Like Matrices Arising in Queueing Problems},
    url={http://dx.doi.org/10.1007/978-1-4615-2241-6_2},
    publisher={Springer US},
    author={Bini, Dario and Meini, Beatrice},
    pages={21-38},
    language={English}
}

@book{numericalrecipes,
 author = {Press, William H. and Teukolsky, Saul A. and Vetterling, William T. and Flannery, Brian P.},
 title = {Numerical Recipes 3rd Edition: The Art of Scientific Computing},
 year = {2007},
 isbn = {0521880688, 9780521880688},
 publisher = {Cambridge University Press},
 address = {New York, NY, USA},
} 

@article{KravchenkoEffNumErr,
title = "On the Effect of Numerical Errors in Large Eddy Simulations of Turbulent Flows ",
journal = "Journal of Computational Physics ",
volume = "131",
number = "2",
pages = "310 - 322",
year = "1997",
note = "",
issn = "0021-9991",
doi = "http://dx.doi.org/10.1006/jcph.1996.5597",
url = "http://www.sciencedirect.com/science/article/pii/S0021999196955977",
author = "A.G. Kravchenko and P. Moin"
}

@book{CUDAProgrammingGuide, 
   author = {{NVIDIA} Corporation}, 
   title = {{NVIDIA CUDA} Compute Unified Device Architecture Programming Guide}, 
   publisher = {{NVIDIA} Corporation}, 
   year = {2007}
}

@inproceedings{chang2012scalable,
  title={A scalable, numerically stable, high-performance tridiagonal solver using {GPU}s},
  author={Chang, Li-Wen and Stratton, John A and Kim, Hee-Seok and Hwu, Wen-Mei W},
  booktitle={Proceedings of the International Conference on High Performance Computing, Networking, Storage and Analysis},
  pages={27},
  year={2012},
  organization={IEEE Computer Society Press}
}

@article{sakharnykhADIconf,
  title={Efficient tridiagonal solvers for ADI methods and fluid simulation},
  author={N. Sakharnykh},
  journal={NVIDIA GPU Technology Conference},
  month={September}, 
  year={2012}
}

@book{HwuBook,
  title={Programming massively parallel processors: a hands-on approach},
  author={Kirk, David B and Wen-mei, W Hwu},
  year={2012},
  publisher={Newnes}
}

@incollection{chang2014guide,
  title={A guide for implementing tridiagonal solvers on {GPU}s},
  author={Chang, Li-Wen and Wen-mei, W Hwu},
  booktitle={Numerical Computations with GPUs},
  pages={29--44},
  year={2014},
  publisher={Springer}
}

@article{sun1995application,
  title={Application and accuracy of the parallel diagonal dominant algorithm},
  author={Sun, Xian-He},
  journal={Parallel Computing},
  volume={21},
  number={8},
  pages={1241--1267},
  year={1995},
  publisher={Elsevier}
}

@inproceedings{micikevicius20093d,
  title={3D finite difference computation on {GPU}s using {CUDA}},
  author={Micikevicius, Paulius},
  booktitle={Proceedings of 2nd workshop on general purpose processing on graphics processing units},
  pages={79--84},
  year={2009},
  organization={ACM}
}

@book{mohd2010adapting,
  title={Adapting the CFDNS Compressible Navier-Stokes Solver to the Roadrunner Hybrid Supercomputer},
  author={Mohd-Yusof, J and Livescu, D and Kelley, T},
  year={2010},
  publisher={DEStech Publications, Inc}

}

@Misc{petsc-web-page,
            author = {Satish Balay and Shrirang Abhyankar and Mark~F. Adams and Jed Brown and Peter Brune
                      and Kris Buschelman and Lisandro Dalcin and Victor Eijkhout and William~D. Gropp
                      and Dinesh Kaushik and Matthew~G. Knepley
                      and Lois Curfman McInnes and Karl Rupp and Barry~F. Smith
                      and Stefano Zampini and Hong Zhang},
            title =  {{PETS}c {W}eb page},
            url =    {http://www.mcs.anl.gov/petsc},
            howpublished = {\url{http://www.mcs.anl.gov/petsc}},
            year = {2015}
          }

@Misc{openacc,
    title = {{O}pen{ACC} {W}eb page. \url{http://www.openacc.org/}},
    url = {http://www.openacc.org/}
}

@article{opencl,
 author = {Stone, John E. and Gohara, David and Shi, Guochun},
 title = {OpenCL: A Parallel Programming Standard for Heterogeneous Computing Systems},
 journal = {IEEE Des. Test},
 issue_date = {May 2010},
 volume = {12},
 number = {3},
 month = may,
 year = {2010},
 issn = {0740-7475},
 pages = {66--73},
 numpages = {8},
 url = {http://dx.doi.org/10.1109/MCSE.2010.69},
 doi = {10.1109/MCSE.2010.69},
 acmid = {1803953},
 publisher = {IEEE Computer Society Press},
 address = {Los Alamitos, CA, USA},
} 

@Misc{gpulibraries,
    title = {{NVIDIA GPU} accelerated libraries. \url{https://developer.nvidia.com/gpu-accelerated-libraries}},
    url = {https://developer.nvidia.com/gpu-accelerated-libraries}
}
